@misc{template,
  author       = {Juan Mier},
  howpublished = {\url{https://github.com/miermontoto/latexTemplate}},
  title        = {{latexTemplate}},
  year         = {2024},
  note		   = {Plantilla de \LaTeX{} personal para trabajos académicos}
}

@misc{enunciado1,
  author       = {Jose García Fanjul},
  howpublished = {Campus Virtual de la asignatura de Pruebas y Despliegue de Software},
  title        = {{PDS 202324 CEX Enunciado ejercicio 1}},
  year         = {2024}
}

@misc{enunciado2,
  author       = {Jose García Fanjul},
  howpublished = {Campus Virtual de la asignatura de Pruebas y Despliegue de Software},
  title        = {{PDS 202324 CEX Enunciado ejercicio 2}},
  year         = {2024}
}

@misc{sumup,
  author       = {sumup},
  howpublished = {\url{https://www.sumup.com/es-es/facturas/glosario/retencion-irpf/}},
  title        = {{Retención de IRPF - ¿Qué es la retención de IRPF?}},
  year         = {2023}
}

@misc{newtral,
  author       = {Adrián Maqueda},
  howpublished = {\url{https://www.newtral.es/apps-administracion-publica/20221205/}},
  title        = {El 61\% de los usuarios han tenido problemas al usar las webs o apps de administraciones públicas},
  year         = {2022}
}

@misc{abc,
  author       = {Fernando del Valle},
  howpublished = {\url{https://www.abc.es/espana/andalucia/sevi-fallos-programas-y-sistemas-caidos-programas-desactualizados-lastran-actividad-empleo-201910070740_noticia.html}},
  title        = {Fallos en los programas y sistemas caídos: programas desactualizados lastran la actividad en Empleo},
  year         = {2019}
}

@misc{elpais,
  author       = {Soledad Gallego-Díaz},
  howpublished = {\url{https://elpais.com/ideas/2022-09-11/sigue-sin-funcionar.html}},
  title        = {Sigue sin funcionar},
  year         = {2022}
}
